% Encoding: UTF-8




@incollection{Dorst2022evidence,
	author = {Kevin Dorst},
	booktitle = {The Routledge Handbook for the Philosophy of Evidence},
	date-added = {2022-03-14 11:00:21 -0400},
	date-modified = {2022-03-14 11:00:35 -0400},
	editor = {Maria Lasonen{-}Aarnio and Clayton Littlejohn},
	publisher = {Routledge},
	title = {Higher-Order Evidence},
	year = {2022}}

@incollection{Dorst2022higher-order,
	author = {Kevin Dorst},
	booktitle = {Higher-Order Evidence: New Essays},
	date-added = {2022-03-14 10:58:54 -0400},
	date-modified = {2022-03-14 10:59:35 -0400},
	editor = {Mattias Skipper and Asbj\o{}rn Steglich Petersen},
	title = {Higher-Order Uncertainty},
	year = {2022}}

@article{Joyce2010defense,
	author = {James M. Joyce},
	date-added = {2022-03-14 10:56:28 -0400},
	date-modified = {2022-03-14 10:56:36 -0400},
	doi = {10.1111/j.1520-8583.2010.00194.x},
	journal = {Philosophical Perspectives},
	number = {1},
	pages = {281--323},
	publisher = {Wiley Periodicals},
	title = {A Defense of Imprecise Credences in Inference and Decision Making1},
	volume = {24},
	year = {2010},
	bdsk-url-1 = {https://doi.org/10.1111/j.1520-8583.2010.00194.x}}

@article{Dorst2021deference,
	author = {Kevin Dorst and Benjamin A. Levinstein and Bernhard Salow and Brooke E. Husic and Branden Fitelson},
	date-added = {2022-03-14 10:55:20 -0400},
	date-modified = {2022-03-14 10:55:30 -0400},
	doi = {10.1111/phpe.12156},
	journal = {Wiley: Philosophical Perspectives},
	number = {1},
	pages = {99--150},
	title = {Deference Done Better},
	volume = {35},
	year = {2021},
	bdsk-url-1 = {https://doi.org/10.1111/phpe.12156}}

@phdthesis{bradley2012uncertaintyPhD,
	author = {Seamus Bradley},
	date-added = {2022-03-14 10:49:02 -0400},
	date-modified = {2022-03-14 10:49:39 -0400},
	school = {London School of Economics and Political Science},
	title = {Scientific Uncertainty and Decision Making},
	year = {2012}}

@article{Carr2020impreciseEvidence,
	author = {Jennifer Rose Carr},
	date-added = {2022-03-14 10:47:54 -0400},
	date-modified = {2022-03-14 10:48:04 -0400},
	doi = {10.1007/s11098-019-01336-7},
	journal = {Philosophical Studies},
	number = {9},
	pages = {2735--2758},
	publisher = {Springer Verlag},
	title = {Imprecise Evidence Without Imprecise Credences},
	volume = {177},
	year = {2020},
	bdsk-url-1 = {https://doi.org/10.1007/s11098-019-01336-7}}

@article{elga2010subjective,
	author = {Elga, Adam},
	date-added = {2022-03-14 10:47:01 -0400},
	date-modified = {2022-03-14 10:47:01 -0400},
	keywords = {Gosia},
	title = {Subjective probabilities should be sharp},
	year = {2010},
	bdsk-file-1 = {YnBsaXN0MDDSAQIDBFxyZWxhdGl2ZVBhdGhZYWxpYXNEYXRhXxBELi4vLi4vLlRyYXNoL1BhcGVycy9FbGdhL0VsZ2EyMDEwU3ViamVjdGl2ZSBwcm9iYWJpbGl0aWVzIHNob3VsZC5wZGZPEQH6AAAAAAH6AAIAAAxNYWNpbnRvc2ggSEQAAAAAAAAAAAAAAAAAAADRCKi2SCsAAACjEPAfRWxnYTIwMTBTdWJqZWN0aXZlIHAjMzUxODRDLnBkZgAAAAAAAAAAAAAAAAAAAAAAAAAAAAAAAAAAAAAAAAAAADUYTMqO4OgAAAAAAAAAAAACAAQAAAkgAAAAAAAAAAAAAAAAAAAABEVsZ2EAEAAIAADRCJqmAAAAEQAIAADKjsTIAAAAAQAUAKMQ8AAJSewBAskuAAlGmgAClRUAAgBQTWFjaW50b3NoIEhEOlVzZXJzOgByYWZhbDoALlRyYXNoOgBQYXBlcnM6AEVsZ2E6AEVsZ2EyMDEwU3ViamVjdGl2ZSBwIzM1MTg0Qy5wZGYADgBYACsARQBsAGcAYQAyADAAMQAwAFMAdQBiAGoAZQBjAHQAaQB2AGUAIABwAHIAbwBiAGEAYgBpAGwAaQB0AGkAZQBzACAAcwBoAG8AdQBsAGQALgBwAGQAZgAPABoADABNAGEAYwBpAG4AdABvAHMAaAAgAEgARAASAEpVc2Vycy9yYWZhbC8uVHJhc2gvUGFwZXJzL0VsZ2EvRWxnYTIwMTBTdWJqZWN0aXZlIHByb2JhYmlsaXRpZXMgc2hvdWxkLnBkZgATAAEvAAAVAAIADP//AAAACAANABoAJABrAAAAAAAAAgEAAAAAAAAABQAAAAAAAAAAAAAAAAAAAmk=}}

@article{Christensen2009disagreement,
	author = {David Christensen},
	date-added = {2022-03-14 10:46:11 -0400},
	date-modified = {2022-03-14 10:46:20 -0400},
	doi = {10.1111/j.1747-9991.2009.00237.x},
	journal = {Philosophy Compass},
	number = {5},
	pages = {756--767},
	publisher = {Wiley-Blackwell},
	title = {Disagreement as Evidence: The Epistemology of Controversy},
	volume = {4},
	year = {2009},
	bdsk-url-1 = {https://doi.org/10.1111/j.1747-9991.2009.00237.x}}

@unpublished{CampbellMoore2020accuracy,
	author = {Catrin Campbell-Moore},
	date-added = {2022-03-14 10:42:12 -0400},
	date-modified = {2022-03-14 10:43:05 -0400},
	note = {manuscript},
	title = {Accuracy and Imprecise Probabilities},
	year = {2020}}

@article{Schoenfield2017accuracy,
	author = {Miriam Schoenfield},
	date-added = {2022-03-14 10:40:58 -0400},
	date-modified = {2022-03-14 10:41:07 -0400},
	doi = {10.1111/nous.12105},
	journal = {No\^{u}s},
	number = {4},
	pages = {667--685},
	publisher = {Wiley-Blackwell},
	title = {The Accuracy and Rationality of Imprecise Credences},
	volume = {51},
	year = {2017},
	bdsk-url-1 = {https://doi.org/10.1111/nous.12105}}

@article{Mayo-Wilson2016scoring,
	author = {Conor Mayo{-}Wilson and Gregory Wheeler},
	date-added = {2022-03-14 10:38:55 -0400},
	date-modified = {2022-03-14 10:39:04 -0400},
	doi = {10.1111/phpr.12256},
	journal = {Philosophy and Phenomenological Research},
	number = {1},
	pages = {55--78},
	title = {Scoring Imprecise Credences: A Mildly Immodest Proposal},
	volume = {92},
	year = {2016},
	bdsk-url-1 = {https://doi.org/10.1111/phpr.12256}}

@article{seidenfeld2012forecasting,
	author = {Seidenfeld, Teddy and Schervish, Mark and Kadane, Joseph},
	date-added = {2022-03-14 10:37:58 -0400},
	date-modified = {2022-03-14 10:38:11 -0400},
	doi = {10.1016/j.ijar.2012.06.018},
	journal = {International Journal of Approximate Reasoning},
	month = {11},
	pages = {1248--1261},
	title = {Forecasting with Imprecise Probabilities},
	volume = {53},
	year = {2012},
	bdsk-url-1 = {https://doi.org/10.1016/j.ijar.2012.06.018}}

@book{Kaplan1996decision,
	author = {Mark Kaplan},
	date-added = {2022-03-14 10:34:10 -0400},
	date-modified = {2022-03-14 10:34:19 -0400},
	publisher = {Cambridge University Press},
	title = {Decision Theory as Philosophy},
	year = {1996}}

@phdthesis{Lee2017impreciseEpistemology,
	author = {Elkin Lee},
	date-added = {2022-03-14 10:31:34 -0400},
	date-modified = {2022-03-14 10:31:59 -0400},
	publisher = {Ludwig-Maximilians-Universit\"{a}t M\"{u}nchen},
	school = {Ludwig-Maximilians-Universit{\"a}t},
	title = {Imprecise Probability in Epistemology},
	year = {2017}}

@book{Levi1980enterprise,
	author = {Isaac Levi},
	date-added = {2022-03-14 10:28:26 -0400},
	date-modified = {2022-03-14 10:28:37 -0400},
	publisher = {MIT Press},
	title = {The Enterprise of Knowledge: An Essay on Knowledge, Credal Probability, and Chance},
	year = {1980}}

@article{Rinard2013against,
	author = {Susanna Rinard},
	date-added = {2022-03-14 10:27:17 -0400},
	date-modified = {2022-03-14 10:27:27 -0400},
	doi = {10.1002/tht3.84},
	journal = {Thought: A Journal of Philosophy},
	number = {1},
	pages = {157--165},
	title = {Against Radical Credal Imprecision},
	volume = {2},
	year = {2013},
	bdsk-url-1 = {https://doi.org/10.1002/tht3.84}}

@phdthesis{konek2013foundations,
	author = {Jason Konek},
	date-added = {2022-03-14 10:25:09 -0400},
	date-modified = {2022-03-14 10:26:18 -0400},
	school = {University of Michigan},
	title = {New Foundations for Imprecise Bayesianism},
	year = {2013}}

@book{williamson2010defence,
	author = {Williamson, Jon},
	date-added = {2022-03-14 10:23:04 -0400},
	date-modified = {2022-03-14 10:23:04 -0400},
	keywords = {bayesianism, toread},
	publisher = {Oxford University Press Oxford},
	title = {In defence of objective Bayesianism},
	year = {2010},
	bdsk-file-1 = {YnBsaXN0MDDSAQIDBFxyZWxhdGl2ZVBhdGhZYWxpYXNEYXRhXxBXLi4vLi4vRG9jdW1lbnRzL1BhcGVycy9XaWxsaWFtc29uL1dpbGxpYW1zb24yMDEwSW4gZGVmZW5jZSBvZiBvYmplY3RpdmUgQmF5ZXNpYW5pc20ucGRmTxECMgAAAAACMgACAAAMTWFjaW50b3NoIEhEAAAAAAAAAAAAAAAAAAAAzDEhAkgrAAAAaC/oH1dpbGxpYW1zb24yMDEwSW4gZGVmIzUxOEU5MC5wZGYAAAAAAAAAAAAAAAAAAAAAAAAAAAAAAAAAAAAAAAAAAABRjpDNV2/dAAAAAAAAAAAAAgAEAAAJIAAAAAAAAAAAAAAAAAAAAApXaWxsaWFtc29uABAACAAAzDES8gAAABEACAAAzVdv3QAAAAEAFABoL+gAaCkxAAXBJAAFwSMAAg35AAIAWU1hY2ludG9zaCBIRDpVc2VyczoAcmFmYWw6AERvY3VtZW50czoAUGFwZXJzOgBXaWxsaWFtc29uOgBXaWxsaWFtc29uMjAxMEluIGRlZiM1MThFOTAucGRmAAAOAGwANQBXAGkAbABsAGkAYQBtAHMAbwBuADIAMAAxADAASQBuACAAZABlAGYAZQBuAGMAZQAgAG8AZgAgAG8AYgBqAGUAYwB0AGkAdgBlACAAQgBhAHkAZQBzAGkAYQBuAGkAcwBtAC4AcABkAGYADwAaAAwATQBhAGMAaQBuAHQAbwBzAGgAIABIAEQAEgBdVXNlcnMvcmFmYWwvRG9jdW1lbnRzL1BhcGVycy9XaWxsaWFtc29uL1dpbGxpYW1zb24yMDEwSW4gZGVmZW5jZSBvZiBvYmplY3RpdmUgQmF5ZXNpYW5pc20ucGRmAAATAAEvAAAVAAIADP//AAAACAANABoAJAB+AAAAAAAAAgEAAAAAAAAABQAAAAAAAAAAAAAAAAAAArQ=}}

@book{jaynes2003probability,
	author = {Jaynes, Edwin T},
	date-added = {2022-03-14 10:22:15 -0400},
	date-modified = {2022-03-14 10:22:15 -0400},
	keywords = {probability, textbooks},
	publisher = {Cambridge university press},
	title = {Probability Theory: the Logic of Science},
	year = {2003},
	bdsk-file-1 = {YnBsaXN0MDDSAQIDBFxyZWxhdGl2ZVBhdGhZYWxpYXNEYXRhXxBFLi4vLi4vLlRyYXNoL1BhcGVycy9KYXluZXMvSmF5bmVzMjAwM1Byb2JhYmlsaXR5IHRoZW9yeSB0aGUgbG9naWMucGRmTxEB/gAAAAAB/gACAAAMTWFjaW50b3NoIEhEAAAAAAAAAAAAAAAAAAAA0QiotkgrAAAAJijCH0pheW5lczIwMDNQcm9iYWJpbGl0IzI0RjJCOC5wZGYAAAAAAAAAAAAAAAAAAAAAAAAAAAAAAAAAAAAAAAAAAAAk8rjQOpVZAAAAAAAAAAAAAgAEAAAJIAAAAAAAAAAAAAAAAAAAAAZKYXluZXMAEAAIAADRCJqmAAAAEQAIAADQOnk5AAAAAQAUACYowgAJSewBAskuAAlGmgAClRUAAgBSTWFjaW50b3NoIEhEOlVzZXJzOgByYWZhbDoALlRyYXNoOgBQYXBlcnM6AEpheW5lczoASmF5bmVzMjAwM1Byb2JhYmlsaXQjMjRGMkI4LnBkZgAOAFYAKgBKAGEAeQBuAGUAcwAyADAAMAAzAFAAcgBvAGIAYQBiAGkAbABpAHQAeQAgAHQAaABlAG8AcgB5ACAAdABoAGUAIABsAG8AZwBpAGMALgBwAGQAZgAPABoADABNAGEAYwBpAG4AdABvAHMAaAAgAEgARAASAEtVc2Vycy9yYWZhbC8uVHJhc2gvUGFwZXJzL0pheW5lcy9KYXluZXMyMDAzUHJvYmFiaWxpdHkgdGhlb3J5IHRoZSBsb2dpYy5wZGYAABMAAS8AABUAAgAM//8AAAAIAA0AGgAkAGwAAAAAAAACAQAAAAAAAAAFAAAAAAAAAAAAAAAAAAACbg==}}

@article{Stewart2018pooling,
	author = {Rush T. Stewart and Ignacio Ojea Quintana},
	date-added = {2022-03-14 10:19:19 -0400},
	date-modified = {2022-03-14 10:19:31 -0400},
	doi = {10.1007/s10670-017-9894-2},
	journal = {Erkenntnis},
	number = {3},
	pages = {1--21},
	publisher = {Ludwig-Maximilians-Universit\"{a}t M\"{u}nchen},
	title = {Learning and Pooling, Pooling and Learning},
	volume = {83},
	year = {2018},
	bdsk-url-1 = {https://doi.org/10.1007/s10670-017-9894-2}}

@article{Elkin2018resolving,
	author = {Lee Elkin and Gregory Wheeler},
	date-added = {2022-03-14 10:14:15 -0400},
	date-modified = {2022-03-14 10:14:25 -0400},
	doi = {10.1111/nous.12143},
	journal = {No\^{u}s},
	number = {2},
	pages = {260--278},
	title = {Resolving Peer Disagreements Through Imprecise Probabilities},
	volume = {52},
	year = {2018},
	bdsk-url-1 = {https://doi.org/10.1111/nous.12143}}

@book{List2011groupAgency,
	author = {Christian List and Philip Pettit},
	date-added = {2022-03-14 10:13:02 -0400},
	date-modified = {2022-03-14 10:13:11 -0400},
	publisher = {Oxford University Press},
	title = {Group Agency: The Possibility, Design, and Status of Corporate Agents},
	year = {2011}}

@article{Elga2007reflection,
	author = {Adam Elga},
	date-added = {2022-03-14 10:11:52 -0400},
	date-modified = {2022-03-14 10:12:03 -0400},
	doi = {10.1111/j.1468-0068.2007.00656.x},
	journal = {No\^{u}s},
	number = {3},
	pages = {478--502},
	title = {Reflection and Disagreement},
	volume = {41},
	year = {2007},
	bdsk-url-1 = {https://doi.org/10.1111/j.1468-0068.2007.00656.x}}

@incollection{Lewis1980subjectivist,
	author = {David K. Lewis},
	booktitle = {Studies in Inductive Logic and Probability, Volume II},
	date-added = {2022-03-14 10:07:27 -0400},
	date-modified = {2022-03-14 10:07:36 -0400},
	editor = {Richard C. Jeffrey},
	pages = {263--293},
	publisher = {Berkeley: University of California Press},
	title = {A Subjectivist?s Guide to Objective Chance},
	year = {1980}}

@article{vanFraassen1984beliefandWill,
	author = {Bas C. van Fraassen},
	date-added = {2022-03-14 10:06:31 -0400},
	date-modified = {2022-03-14 10:06:40 -0400},
	doi = {10.2307/2026388},
	journal = {Journal of Philosophy},
	number = {5},
	pages = {235--256},
	publisher = {Journal of Philosophy Inc},
	title = {Belief and the Will},
	volume = {81},
	year = {1984},
	bdsk-url-1 = {https://doi.org/10.2307/2026388}}

@incollection{gaifman1988higherOrder,
	author = {Gaifmam, Haim},
	booktitle = {Causation, Chance, and Credence},
	date-added = {2022-03-14 10:04:48 -0400},
	date-modified = {2022-03-14 10:05:00 -0400},
	editor = {Skyrms, Brian and Harper, William L.},
	pages = {191-219},
	publisher = {Kluwer},
	title = {A Theory of Higher Order Probabilities},
	volume = {1},
	year = {1988}}

@article{Gallow2018masters,
	author = {J. Gallow},
	date-added = {2022-03-14 10:03:13 -0400},
	date-modified = {2022-03-14 10:03:21 -0400},
	doi = {10.1007/s11098-017-0964-8},
	journal = {Philosophical Studies},
	number = {10},
	pages = {2389--2398},
	publisher = {Springer Verlag},
	title = {No One Can Serve Two Epistemic Masters},
	volume = {175},
	year = {2018},
	bdsk-url-1 = {https://doi.org/10.1007/s11098-017-0964-8}}

@incollection{Dietrich2016pooling,
	author = {Franz Dietrich and Christian List},
	booktitle = {Oxford Handbook of Philosophy and Probability},
	date-added = {2022-03-14 10:01:23 -0400},
	date-modified = {2022-03-14 10:01:31 -0400},
	editor = {Alan Hajek and Christopher Hitchcock},
	publisher = {Oxford: Oxford University Press},
	title = {Probabilistic Opinion Pooling},
	year = {2016}}

@article{Sturgeon2008grain,
	author = {Scott Sturgeon},
	date-added = {2022-03-14 09:57:44 -0400},
	date-modified = {2022-03-14 09:57:53 -0400},
	issn = {00294624, 14680068},
	journal = {No{\^u}s},
	number = {1},
	pages = {139--165},
	publisher = {Wiley},
	title = {Reason and the Grain of Belief},
	url = {http://www.jstor.org/stable/25177157},
	volume = {42},
	year = {2008},
	bdsk-url-1 = {http://www.jstor.org/stable/25177157}}

@article{VanFraassen2006vague,
	author = {Bas C. Van Fraassen},
	date-added = {2022-03-14 09:55:43 -0400},
	date-modified = {2022-03-14 09:55:47 -0400},
	doi = {10.1007/s11098-004-7821-2},
	journal = {Philosophical Studies},
	month = feb,
	number = {3},
	pages = {483--491},
	publisher = {Springer Science and Business Media {LLC}},
	title = {Vague Expectation Value Loss},
	url = {https://doi.org/10.1007/s11098-004-7821-2},
	volume = {127},
	year = {2006},
	bdsk-url-1 = {https://doi.org/10.1007/s11098-004-7821-2}}

@article{Gardenfors1982unreliable,
	author = {Peter G{\"a}rdenfors and Nils-Eric Sahlin},
	date-added = {2022-03-14 09:51:08 -0400},
	date-modified = {2022-03-14 09:51:37 -0400},
	doi = {10.1007/bf00486156},
	journal = {Synthese},
	month = dec,
	number = {3},
	pages = {361--386},
	publisher = {Springer Science and Business Media {LLC}},
	title = {Unreliable probabilities, risk taking, and decision making},
	url = {https://doi.org/10.1007/bf00486156},
	volume = {53},
	year = {1982},
	bdsk-url-1 = {https://doi.org/10.1007/bf00486156}}

@article{Levi1974ideterminate,
	author = {Isaac Levi},
	date-added = {2022-03-14 09:49:35 -0400},
	date-modified = {2022-03-14 09:49:45 -0400},
	doi = {10.2307/2025161},
	journal = {The Journal of Philosophy},
	month = jul,
	number = {13},
	pages = {391},
	publisher = {Philosophy Documentation Center},
	title = {On Indeterminate Probabilities},
	url = {https://doi.org/10.2307/2025161},
	volume = {71},
	year = {1974},
	bdsk-url-1 = {https://doi.org/10.2307/2025161}}

@incollection{bradley2019imprecise,
	author = {Bradley, Seamus},
	booktitle = {The {Stanford} Encyclopedia of Philosophy},
	date-added = {2022-03-14 09:45:59 -0400},
	date-modified = {2022-03-14 09:46:09 -0400},
	edition = {{S}pring 2019},
	editor = {Edward N. Zalta},
	howpublished = {\url{https://plato.stanford.edu/archives/spr2019/entries/imprecise-probabilities/}},
	publisher = {Metaphysics Research Lab, Stanford University},
	title = {{Imprecise Probabilities}},
	year = {2019}}

@book{keynes1921treatise,
	author = {Keynes, John Maynard},
	date-added = {2020-03-08 13:20:13 +0100},
	date-modified = {2020-03-08 13:20:14 +0100},
	publisher = {London: Macmillan},
	title = {A treatise on probability, 1921},
	year = {1921}}

@article{joyce2005probabilities,
	author = {Joyce, James M},
	date-added = {2020-03-08 13:20:13 +0100},
	date-modified = {2020-03-08 13:20:13 +0100},
	journal = {Philosophical Perspectives},
	keywords = {evidence, probabilityandlaw, Gosia},
	number = {1},
	pages = {153--178},
	publisher = {Wiley Online Library},
	title = {How probabilities reflect evidence},
	volume = {19},
	year = {2005},
	bdsk-file-1 = {YnBsaXN0MDDSAQIDBFxyZWxhdGl2ZVBhdGhZYWxpYXNEYXRhXxBFLi4vLi4vLi4vUGFwZXJzL0pveWNlL0pveWNlMjAwNUhvdyBwcm9iYWJpbGl0aWVzIHJlZmxlY3QgZXZpZGVuY2UucGRmTxECJAAAAAACJAACAAAMR29vZ2xlIERyaXZlAAAAAAAAAAAAAAAAAAAAAAAAAEJEAAH/////H0pveWNlMjAwNUhvdyBwcm9iYSNGRkZGRkZGRi5wZGYAAAAAAAAAAAAAAAAAAAAAAAAAAAAAAAAAAAAAAAAAAP////8AAAAAAAAAAAAAAAAAAwADAAASAWN1AAAAAAAAAAAAAAAAAAVKb3ljZQAAAgBbLzpWb2x1bWVzOkdvb2dsZURyaXZlOk15IERyaXZlOlBhcGVyczpKb3ljZTpKb3ljZTIwMDVIb3cgcHJvYmFiaWxpdGllcyByZWZsZWN0IGV2aWRlbmNlLnBkZgAADgBgAC8ASgBvAHkAYwBlADIAMAAwADUASABvAHcAIABwAHIAbwBiAGEAYgBpAGwAaQB0AGkAZQBzACAAcgBlAGYAbABlAGMAdAAgAGUAdgBpAGQAZQBuAGMAZQAuAHAAZABmAA8AGgAMAEcAbwBvAGcAbABlACAARAByAGkAdgBlABIARi9NeSBEcml2ZS9QYXBlcnMvSm95Y2UvSm95Y2UyMDA1SG93IHByb2JhYmlsaXRpZXMgcmVmbGVjdCBldmlkZW5jZS5wZGYAEwAUL1ZvbHVtZXMvR29vZ2xlRHJpdmUACQA3ADdjaWZzAAABAAAAc21iOi8vRFJJVkVAbG9jYWxob3N0OjUyNzE0L0dvb2dsZSUyMERyaXZlAAD//wAAAAgADQAaACQAbAAAAAAAAAIBAAAAAAAAAAUAAAAAAAAAAAAAAAAAAAKU}}

@book{walley1991statistical,
	author = {Walley, Peter},
	date-added = {2020-03-08 13:20:13 +0100},
	date-modified = {2020-03-08 13:20:14 +0100},
	keywords = {imprecise probabilities},
	publisher = {Chapman and Hall London},
	title = {Statistical reasoning with imprecise probabilities},
	year = {1991},
	bdsk-file-1 = {YnBsaXN0MDDSAQIDBFxyZWxhdGl2ZVBhdGhZYWxpYXNEYXRhXxBDLi4vLi4vLlRyYXNoL1BhcGVycy9XYWxsZXkvV2FsbGV5MTk5MVN0YXRpc3RpY2FsIHJlYXNvbmluZyB3aXRoLnBkZk8RAfgAAAAAAfgAAgAADE1hY2ludG9zaCBIRAAAAAAAAAAAAAAAAAAAANEIqLZIKwAAAAlKNx9XYWxsZXkxOTkxU3RhdGlzdGljYWwjOTRBMzkucGRmAAAAAAAAAAAAAAAAAAAAAAAAAAAAAAAAAAAAAAAAAAAACUo5zpAUTAAAAAAAAAAAAAIABAAACSAAAAAAAAAAAAAAAAAAAAAGV2FsbGV5ABAACAAA0QiapgAAABEACAAAzo/4LAAAAAEAFAAJSjcACUnsAQLJLgAJRpoAApUVAAIAUk1hY2ludG9zaCBIRDpVc2VyczoAcmFmYWw6AC5UcmFzaDoAUGFwZXJzOgBXYWxsZXk6AFdhbGxleTE5OTFTdGF0aXN0aWNhbCM5NEEzOS5wZGYADgBSACgAVwBhAGwAbABlAHkAMQA5ADkAMQBTAHQAYQB0AGkAcwB0AGkAYwBhAGwAIAByAGUAYQBzAG8AbgBpAG4AZwAgAHcAaQB0AGgALgBwAGQAZgAPABoADABNAGEAYwBpAG4AdABvAHMAaAAgAEgARAASAElVc2Vycy9yYWZhbC8uVHJhc2gvUGFwZXJzL1dhbGxleS9XYWxsZXkxOTkxU3RhdGlzdGljYWwgcmVhc29uaW5nIHdpdGgucGRmAAATAAEvAAAVAAIADP//AAAACAANABoAJABqAAAAAAAAAgEAAAAAAAAABQAAAAAAAAAAAAAAAAAAAmY=}}

@Comment{jabref-meta: databaseType:biblatex;}
